@article{hong1995impact,
  title={Impact of employee benefits on work motivation and productivity},
  author={Hong, Jon-Chao and Yang, Sung-De and Wang, Li-Jung and Chiou, En-Fu and Su, Fan-Yin and Huang, sui-Lan},
  journal={International Journal of Career Management},
  volume={7},
  number={6},
  pages={10--14},
  year={1995},
  publisher={MCB UP Ltd}
}


@article{werner2021strategic,
  title={Strategic benefits: How employee benefits can create a sustainable competitive edge},
  author={Werner, Steve and Balkin, David B},
  journal={The Journal of Total Rewards},
  volume={30},
  number={1},
  pages={8--22},
  year={2021},
  publisher={WorldatWork}
}

@misc{akquinetFirmengeschichte,
author = {},
title = {Akquinet Unsere Firmengeschichte},
howpublished = {\url{https://akquinet.com/unternehmen.html}},
month = {},
year = {},
note = {(zuletzt besucht am 30.07.2024)}
}

@misc{akquinetGesundheitswesen,
author = {},
title = {Akquinet Gesundheitswesen},
howpublished = {\url{https://akquinet.com/gesundheitswesen.html}},
month = {},
year = {},
note = {(zuletzt besucht am 30.07.2024)}
}

@misc{akquinetoffentlich,
author = {},
title = {Akquinet öffentlicher Sektor},
howpublished = {\url{https://akquinet.com/oeffentliche-verwaltung.html}},
month = {},
year = {},
note = {(zuletzt besucht am 30.07.2024)}
}

@misc{akquinethafenlogistik,
author = {},
title = {Akquinet Hafenlogistik},
howpublished = {\url{https://akquinet.com/hafenlogistik.html}},
month = {},
year = {},
note = {(zuletzt besucht am 30.07.2024)}
}

@misc{akquinetindustrie,
author = {},
title = {Akquinet Industrie und Dienstleistungen},
howpublished = {\url{https://akquinet.com/industrie-40.html}},
month = {},
year = {},
note = {(zuletzt besucht am 30.07.2024)}
}

@misc{akquinetueberuns,
author = {},
title = {Akquinet Über uns},
howpublished = {\url{https://karriere.akquinet.de/ueber-uns.html}},
month = {},
year = {},
note = {(zuletzt besucht am 30.07.2024)}
}

@article{weiterbildungintro,
author = {Laura Mehner, Sandra Rothenbusch and Simone Kauffeld},
title = {How to maximize the impact of workplace training: a mixed-method analysis of social support, training transfer and knowledge sharing},
journal = {European Journal of Work and Organizational Psychology},
volume = {0},
number = {0},
pages = {1--2},
year = {2024},
publisher = {Routledge},
doi = {10.1080/1359432X.2024.2319082},
URL = {https://doi.org/10.1080/1359432X.2024.2319082},
eprint = {https://doi.org/10.1080/1359432X.2024.2319082}
}

@article{weiterbildungconc,
author = {Laura Mehner, Sandra Rothenbusch and Simone Kauffeld},
title = {How to maximize the impact of workplace training: a mixed-method analysis of social support, training transfer and knowledge sharing},
journal = {European Journal of Work and Organizational Psychology},
volume = {0},
number = {0},
pages = {14},
year = {2024},
publisher = {Routledge},
doi = {10.1080/1359432X.2024.2319082},
URL = {https://doi.org/10.1080/1359432X.2024.2319082},
eprint = {https://doi.org/10.1080/1359432X.2024.2319082}
}

@article{MAEvents,
title={Implementation of Internal Communication to Develop Employee Loyalty},
author={Iskandar, CB and Mani, L},
journal={International Journal of Engineering Research and Technology (IJERT)},
year={2021},
url={https://www.academia.edu/download/66210710/implementation_of_internal_communication_IJERTV10IS030266.pdf}
}

@article{arbeitszeit,
author = {Nicole V. Shifrin and Jesse S. Michel},
title = {Flexible work arrangements and employee health: A meta-analytic review},
journal = {Work \& Stress},
volume = {36},
number = {1},
pages = {60--85},
year = {2022},
publisher = {Routledge},
doi = {10.1080/02678373.2021.1936287},
URL = {https://doi.org/10.1080/02678373.2021.1936287},
eprint = {https://doi.org/10.1080/02678373.2021.1936287}
}

@misc{personalverkehr,
author = {},
title = {Umweltfreundlicher Personenverkehr},
howpublished = {\url{https://www.umweltbundesamt.de/daten/umweltindikatoren/indikator-umweltfreundlicher-personenverkehr}},
month = {},
year = {},
note = {(zuletzt besucht am 30.07.2024)}
}


@thesis{langesitzen,
  title={Health Risks Involved with Prolonged Sitting: Spreading Awareness to College Students},
  author={Watanabe, Jordyn},
  year={2019},
  school={Western Oregon University},
  type={Undergraduate Honors Thesis},
  url={https://core.ac.uk/download/pdf/234039437.pdf}
}

@mastersthesis{betriebssportfördertgesundheit,
  title={Worksite Physical Activity Interventions and their effect on employees' sickness absence: a literature review},
  author={Eiriksdottir, Hrafnhildur},
  year={2016},
  school={Norwegian School of Sport Sciences},
  type={Master's Thesis},
  url={https://nih.brage.unit.no/nih-xmlui/bitstream/handle/11250/2399333/Eiriksdottir%20H%20v2016.pdf?sequence=1}
}
